% This file was created with JabRef 2.7.2.
% Encoding: MacRoman

@ARTICLE{madariaga2010,
  author = {Madariaga, R. and M\'{e}tois, M. and Vigny, C. and Campos, J.},
  title = {Central Chile Finally Breaks},
  journal = {Science},
  year = {2012},
  volume = {328},
  pages = {181-182},
  number = {5975},
  doi = {10.1126/science.1189197},
  owner = {marcop},
  timestamp = {2012.06.22}
}

@ARTICLE{midzi1999,
  author = {Midzi, V. and  Hlatywayo, D. and Chapola, L. S.  and Kebede, F. and
	Attakan, K. and Lombe, D. K. and Turyomurugyendo, G. and Tugume,
	F. A.},
  title = {{Seismic hazard assessment in Eastern and Southern Africa}},
  journal = {Annali di Geofisica},
  year = {1999},
  volume = {42},
  pages = {-1083},
  number = {6},
  owner = {marcop},
  timestamp = {2012.06.22}
}

@comment{jabref-meta: selector_publisher:}

@comment{jabref-meta: selector_author:}

@comment{jabref-meta: selector_journal:Bulletin of the Seismological S
ociety of America;}

@comment{jabref-meta: selector_keywords:}

